@article{latent_predictor_networks_for_code_generation,
  author    = {Wang Ling and
               Edward Grefenstette and
               Karl Moritz Hermann and
               Tom{\'{a}}s Kocisk{\'{y}} and
               Andrew W. Senior and
               Fumin Wang and
               Phil Blunsom},
  title     = {Latent Predictor Networks for Code Generation},
  journal   = {CoRR},
  volume    = {abs/1603.06744},
  year      = {2016},
  url       = {http://arxiv.org/abs/1603.06744},
  archivePrefix = {arXiv},
  eprint    = {1603.06744},
  timestamp = {Mon, 13 Aug 2018 16:49:06 +0200},
  biburl    = {https://dblp.org/rec/journals/corr/LingGHKSWB16.bib},
  bibsource = {dblp computer science bibliography, https://dblp.org}
}

@INPROCEEDINGS{learning_to_genereate_pseudo_code, author={Y. {Oda} and H. {Fudaba} and G. {Neubig} and H. {Hata} and S. {Sakti} and T. {Toda} and S. {Nakamura}}, booktitle={2015 30th IEEE/ACM International Conference on Automated Software Engineering (ASE)}, title={Learning to Generate Pseudo-Code from Source Code Using Statistical Machine Translation (T)}, year={2015}, volume={}, number={}, pages={574-584},} 

@article{retrieval_based_neural_code_generation,
  author    = {Shirley Anugrah Hayati and
               Raphael Olivier and
               Pravalika Avvaru and
               Pengcheng Yin and
               Anthony Tomasic and
               Graham Neubig},
  title     = {Retrieval-Based Neural Code Generation},
  journal   = {CoRR},
  volume    = {abs/1808.10025},
  year      = {2018},
  url       = {http://arxiv.org/abs/1808.10025},
  archivePrefix = {arXiv},
  eprint    = {1808.10025},
  timestamp = {Mon, 03 Sep 2018 13:36:40 +0200},
  biburl    = {https://dblp.org/rec/journals/corr/abs-1808-10025.bib},
  bibsource = {dblp computer science bibliography, https://dblp.org}
}

@misc{codesearchnet,
    title={CodeSearchNet Challenge: Evaluating the State of Semantic Code Search},
    author={Hamel Husain and Ho-Hsiang Wu and Tiferet Gazit and Miltiadis Allamanis and Marc Brockschmidt},
    year={2019},
    eprint={1909.09436},
    archivePrefix={arXiv},
    primaryClass={cs.LG}
}

@article{visualizing_rnns,
  author    = {Andrej Karpathy and
               Justin Johnson and
               Fei{-}Fei Li},
  title     = {Visualizing and Understanding Recurrent Networks},
  journal   = {CoRR},
  volume    = {abs/1506.02078},
  year      = {2015},
  url       = {http://arxiv.org/abs/1506.02078},
  archivePrefix = {arXiv},
  eprint    = {1506.02078},
  timestamp = {Sat, 19 Oct 2019 16:30:04 +0200},
  biburl    = {https://dblp.org/rec/journals/corr/KarpathyJL15.bib},
  bibsource = {dblp computer science bibliography, https://dblp.org}
}



@article{BERT,
  author    = {Jacob Devlin,
               Ming{-}Wei Chang,
               Kenton Lee,
               Kristina Toutanova},
  title     = {{BERT:} Pre-training of Deep Bidirectional Transformers for Language
               Understanding},
  journal   = {CoRR},
  volume    = {abs/1810.04805},
  year      = {2018},
  url       = {http://arxiv.org/abs/1810.04805},
  archivePrefix = {arXiv},
  eprint    = {1810.04805},
  timestamp = {Tue, 30 Oct 2018 20:39:56 +0100},
  biburl    = {https://dblp.org/rec/journals/corr/abs-1810-04805.bib},
  bibsource = {dblp computer science bibliography, https://dblp.org}
}


@article{gpt2,
  title={Language Models are Unsupervised Multitask Learners},
  journal = {None},
  author={Radford, Alec and Wu, Jeff and Child, Rewon and Luan, David and Amodei, Dario and Sutskever, Ilya},
  year={2019}
}


@article{survey,
  author    = {Miltiadis Allamanis and
               Earl T. Barr and
               Premkumar T. Devanbu and
               Charles A. Sutton},
  title     = {A Survey of Machine Learning for Big Code and Naturalness},
  journal   = {CoRR},
  volume    = {abs/1709.06182},
  year      = {2017},
  url       = {http://arxiv.org/abs/1709.06182},
  archivePrefix = {arXiv},
  eprint    = {1709.06182},
  timestamp = {Mon, 13 Aug 2018 16:48:48 +0200},
  biburl    = {https://dblp.org/rec/journals/corr/abs-1709-06182.bib},
  bibsource = {dblp computer science bibliography, https://dblp.org}
}



@article{structural_code_modeling,
  author    = {Yasir Hussain and
               Zhiqiu Huang and
               Senzhang Wang and
               Yu Zhou},
  title     = {CodeGRU: Context-aware Deep Learning with Gated Recurrent Unit for
               Source Code Modeling},
  journal   = {CoRR},
  volume    = {abs/1903.00884},
  year      = {2019},
  url       = {http://arxiv.org/abs/1903.00884},
  archivePrefix = {arXiv},
  eprint    = {1903.00884},
  timestamp = {Tue, 15 Oct 2019 17:00:11 +0200},
  biburl    = {https://dblp.org/rec/journals/corr/abs-1903-00884.bib},
  bibsource = {dblp computer science bibliography, https://dblp.org}
}



@article{pix2code,
  author    = {Tony Beltramelli},
  title     = {pix2code: Generating Code from a Graphical User Interface Screenshot},
  journal   = {CoRR},
  volume    = {abs/1705.07962},
  year      = {2017},
  url       = {http://arxiv.org/abs/1705.07962},
  archivePrefix = {arXiv},
  eprint    = {1705.07962},
  timestamp = {Mon, 13 Aug 2018 16:49:01 +0200},
  biburl    = {https://dblp.org/rec/journals/corr/Beltramelli17.bib},
  bibsource = {dblp computer science bibliography, https://dblp.org}
}

@misc{treegen,
    title={TreeGen: A Tree-Based Transformer Architecture for Code Generation},
    author={Zeyu Sun and Qihao Zhu and Yingfei Xiong and Yican Sun and Lili Mou and Lu Zhang},
    year={2019},
    eprint={1911.09983},
    archivePrefix={arXiv},
    primaryClass={cs.LG}
}



@article{grammar_based,
  author    = {Zeyu Sun and
               Qihao Zhu and
               Lili Mou and
               Yingfei Xiong and
               Ge Li and
               Lu Zhang},
  title     = {A Grammar-Based Structural {CNN} Decoder for Code Generation},
  journal   = {CoRR},
  volume    = {abs/1811.06837},
  year      = {2018},
  url       = {http://arxiv.org/abs/1811.06837},
  archivePrefix = {arXiv},
  eprint    = {1811.06837},
  timestamp = {Sun, 25 Nov 2018 18:57:12 +0100},
  biburl    = {https://dblp.org/rec/journals/corr/abs-1811-06837.bib},
  bibsource = {dblp computer science bibliography, https://dblp.org}
}

@article{charrnn,
  author    = {Yoon Kim and
               Yacine Jernite and
               David A. Sontag and
               Alexander M. Rush},
  title     = {Character-Aware Neural Language Models},
  journal   = {CoRR},
  volume    = {abs/1508.06615},
  year      = {2015},
  url       = {http://arxiv.org/abs/1508.06615},
  archivePrefix = {arXiv},
  eprint    = {1508.06615},
  timestamp = {Fri, 15 Nov 2019 17:16:01 +0100},
  biburl    = {https://dblp.org/rec/journals/corr/KimJSR15.bib},
  bibsource = {dblp computer science bibliography, https://dblp.org}
}

@article{gru_cell,
  author    = {KyungHyun Cho and
               Bart van Merrienboer and
               Dzmitry Bahdanau and
               Yoshua Bengio},
  title     = {On the Properties of Neural Machine Translation: Encoder-Decoder Approaches},
  journal   = {CoRR},
  volume    = {abs/1409.1259},
  year      = {2014},
  url       = {http://arxiv.org/abs/1409.1259},
  archivePrefix = {arXiv},
  eprint    = {1409.1259},
  timestamp = {Mon, 13 Aug 2018 16:47:23 +0200},
  biburl    = {https://dblp.org/rec/journals/corr/ChoMBB14.bib},
  bibsource = {dblp computer science bibliography, https://dblp.org}
}


@misc{codebert,
    title={CodeBERT: A Pre-Trained Model for Programming and Natural Languages},
    author={Zhangyin Feng and Daya Guo and Duyu Tang and Nan Duan and Xiaocheng Feng and Ming Gong and Linjun Shou and Bing Qin and Ting Liu and Daxin Jiang and Ming Zhou},
    year={2020},
    eprint={2002.08155},
    archivePrefix={arXiv},
    primaryClass={cs.CL}
}

@article{treegan,
  author    = {Xinyue Liu and
               Xiangnan Kong and
               Lei Liu and
               Kuorong Chiang},
  title     = {TreeGAN: Syntax-Aware Sequence Generation with Generative Adversarial
               Networks},
  journal   = {CoRR},
  volume    = {abs/1808.07582},
  year      = {2018},
  url       = {http://arxiv.org/abs/1808.07582},
  archivePrefix = {arXiv},
  eprint    = {1808.07582},
  timestamp = {Sun, 02 Sep 2018 15:01:56 +0200},
  biburl    = {https://dblp.org/rec/journals/corr/abs-1808-07582.bib},
  bibsource = {dblp computer science bibliography, https://dblp.org}
}



